<?xml version="1.0" encoding="UTF-8"?>
<collection xmlns:xsi="http://www.w3.org/2001/XMLSchema-instance" xsi:schemaLocation="http://www.loc.gov/MARC21/slim http://www.loc.gov/standards/marcxml/schema/MARC21slim.xsd" xmlns="http://www.loc.gov/MARC21/slim">
<record>
  <leader>00978cam a2200241Ma 4500</leader>
  <controlfield tag="001">2695207</controlfield>
  <controlfield tag="003">NNC</controlfield>
  <controlfield tag="005">20141105084644.0</controlfield>
  <controlfield tag="008">900628m1963    iq            000 0 ara d</controlfield>
  <datafield tag="035" ind1=" " ind2=" ">
    <subfield code="a">(OCoLC)ocm22675442</subfield>
  </datafield>
  <datafield tag="035" ind1=" " ind2=" ">
    <subfield code="9">ARE5614CU</subfield>
  </datafield>
  <datafield tag="040" ind1=" " ind2=" ">
    <subfield code="a">HVL</subfield>
    <subfield code="c">HVL</subfield>
    <subfield code="d">ZCU</subfield>
  </datafield>
  <datafield tag="043" ind1=" " ind2=" ">
    <subfield code="a">a-iq---</subfield>
  </datafield>
  <datafield tag="099" ind1=" " ind2=" ">
    <subfield code="a">956.7</subfield>
    <subfield code="a">H127</subfield>
  </datafield>
  <datafield tag="100" ind1="1" ind2=" ">
    <subfield code="a">Ḥakīm, ʻAbd al-Majīd.</subfield>
  </datafield>
  <datafield tag="245" ind1="1" ind2="3">
    <subfield code="a">al-Mūjaz fī sharḥ al-qānūn al-madanī al-Irāqī /</subfield>
    <subfield code="c">taʾlīf ʻAbd al-Majīd al-Ḥakīm ; maʻa kalimah lil-ustādh al-kabīr al-Sanhūrī.</subfield>
  </datafield>
  <datafield tag="250" ind1=" " ind2=" ">
    <subfield code="a">al-Ṭabʻah 2. /</subfield>
    <subfield code="b">munaqqaḥah wa-mazīdah wa-muḍāf ilayhā aḥkām al-maḥākim al-ʻIrāqīyah.</subfield>
  </datafield>
  <datafield tag="260" ind1=" " ind2=" ">
    <subfield code="a">Baghdād :</subfield>
    <subfield code="b">Sharikat al-Ṭabʻ wa-al-Nashr al-Ahlīyah,</subfield>
    <subfield code="c">1963</subfield>
  </datafield>
  <datafield tag="300" ind1=" " ind2=" ">
    <subfield code="a">v. ;</subfield>
    <subfield code="c">24 cm.</subfield>
  </datafield>
  <datafield tag="505" ind1="1" ind2=" ">
    <subfield code="a">al-juzʾ 2. Fī aḥkām al-iltizām maʻa al-muqāranah bi-al-fiqh al-Islāmī</subfield>
  </datafield>
  <datafield tag="650" ind1=" " ind2="0">
    <subfield code="a">Civil law</subfield>
    <subfield code="z">Iraq.</subfield>
  </datafield>
  <datafield tag="700" ind1="1" ind2=" ">
    <subfield code="a">Sanhūrī, ʻAbd al-Razzāq Aḥmad,</subfield>
    <subfield code="d">1895-1971.</subfield>
  </datafield>
  <datafield tag="955" ind1=" " ind2=" ">
    <subfield code="b">0026812940</subfield>
    <subfield code="d">glx</subfield>
    <subfield code="e">956.7 H127</subfield>
    <subfield code="v">v.2</subfield>
  </datafield>
</record>
</collection>